@online{alfresco,
	author = {Alfresco},
	title = {Alfresco 5.0 - Tour of Alfresco},
	date = {2014-12-04},
	url = {https://youtu.be/F-HxaQ91lkk?t=17},
	urldate = {2015-06-11}
}
